<?xml version="1.0" encoding="UTF-8"?>
<record xmlns="http://www.loc.gov/MARC21/slim" xmlns:xsi="http://www.w3.org/2001/XMLSchema-instance" xsi:schemaLocation="http://www.loc.gov/MARC21/slim http://www.loc.gov/standards/marcxml/schema/MARC21slim.xsd">
<leader>00000cam a22      a 4500</leader>
<controlfield tag="001">002530327</controlfield>
<controlfield tag="003">NNU</controlfield>
<controlfield tag="005">20150622165452.0</controlfield>
<controlfield tag="008">771005s1937    ua ab    b    000 0 ara</controlfield>
<datafield tag="010" ind1=" " ind2=" ">
<subfield code="a">ne 68002913</subfield>
</datafield>
<datafield tag="035" ind1=" " ind2=" ">
<subfield code="a">(OCoLC)3319489</subfield>
</datafield>
<datafield tag="040" ind1=" " ind2=" ">
<subfield code="a">DLC</subfield>
<subfield code="b">eng</subfield>
<subfield code="c">ZYU</subfield>
<subfield code="d">OCL</subfield>
<subfield code="d">OCLCQ</subfield>
<subfield code="d">OCLCG</subfield>
<subfield code="d">ORZ</subfield>
<subfield code="d">OCLCF</subfield>
<subfield code="d">OCLCQ</subfield>
<subfield code="d">NNU</subfield>
</datafield>
<datafield tag="043" ind1=" " ind2=" ">
<subfield code="a">a-su---</subfield>
</datafield>
<datafield tag="050" ind1=" " ind2="4">
<subfield code="a">BP187.3</subfield>
<subfield code="b">.H34 1937</subfield>
</datafield>
<datafield tag="100" ind1="1" ind2=" ">
<subfield code="6">880-01</subfield>
<subfield code="a">Haykal, Muḥammad Ḥusayn,</subfield>
<subfield code="d">1888-1956.</subfield>
</datafield>
<datafield tag="245" ind1="1" ind2="0">
<subfield code="6">880-02</subfield>
<subfield code="a">Fi manzil al-waḥy /</subfield>
<subfield code="c">bi-qalam Muḥammad Ḥusayn Haykal.</subfield>
</datafield>
<datafield tag="260" ind1=" " ind2=" ">
<subfield code="6">880-03</subfield>
<subfield code="a">Al-Qahira :</subfield>
<subfield code="b">Matbaʻat Dar al-Kutub al-Misriyah,</subfield>
<subfield code="c">1356 [1937]</subfield>
</datafield>
<datafield tag="300" ind1=" " ind2=" ">
<subfield code="a">672 pages :</subfield>
<subfield code="b">illustrations, 2 folded maps ;</subfield>
<subfield code="c">26 cm</subfield>
</datafield>
<datafield tag="336" ind1=" " ind2=" ">
<subfield code="a">text</subfield>
<subfield code="b">txt</subfield>
<subfield code="2">rdacontent</subfield>
</datafield>
<datafield tag="337" ind1=" " ind2=" ">
<subfield code="a">unmediated</subfield>
<subfield code="b">n</subfield>
<subfield code="2">rdamedia</subfield>
</datafield>
<datafield tag="338" ind1=" " ind2=" ">
<subfield code="a">volume</subfield>
<subfield code="b">nc</subfield>
<subfield code="2">rdacarrier</subfield>
</datafield>
<datafield tag="500" ind1=" " ind2=" ">
<subfield code="a">Text in Arabic. Title &amp; imprint in brackets above are romanized.</subfield>
</datafield>
<datafield tag="504" ind1=" " ind2=" ">
<subfield code="a">Includes bibliographical references.</subfield>
</datafield>
<datafield tag="650" ind1=" " ind2="0">
<subfield code="a">Pilgrims and pilgrimages</subfield>
<subfield code="z">Saudi Arabia</subfield>
<subfield code="z">Mecca.</subfield>
</datafield>
<datafield tag="651" ind1=" " ind2="0">
<subfield code="a">Mecca (Saudi Arabia)</subfield>
<subfield code="x">Description and travel.</subfield>
</datafield>
<datafield tag="651" ind1=" " ind2="0">
<subfield code="a">Medina (Saudi Arabia)</subfield>
<subfield code="x">Description and travel.</subfield>
</datafield>
<datafield tag="650" ind1=" " ind2="7">
<subfield code="a">Pilgrims and pilgrimages.</subfield>
<subfield code="2">fast</subfield>
<subfield code="0">(OCoLC)fst01064066</subfield>
</datafield>
<datafield tag="650" ind1=" " ind2="7">
<subfield code="a">Travel.</subfield>
<subfield code="2">fast</subfield>
<subfield code="0">(OCoLC)fst01155558</subfield>
</datafield>
<datafield tag="651" ind1=" " ind2="7">
<subfield code="a">Saudi Arabia</subfield>
<subfield code="z">Mecca.</subfield>
<subfield code="2">fast</subfield>
<subfield code="0">(OCoLC)fst01204780</subfield>
</datafield>
<datafield tag="651" ind1=" " ind2="7">
<subfield code="a">Saudi Arabia</subfield>
<subfield code="z">Medina.</subfield>
<subfield code="2">fast</subfield>
<subfield code="0">(OCoLC)fst01213531</subfield>
</datafield>
<datafield tag="776" ind1="0" ind2="8">
<subfield code="i">Online version:</subfield>
<subfield code="a">Haykal, Muḥammad Ḥusayn, 1888-1956.</subfield>
<subfield code="t">Fi manzil al-waḥy.</subfield>
<subfield code="d">Al-Qahira : Matbaʻat Dar al-Kutub al-Misriyah, 1356 (1937)</subfield>
<subfield code="w">(OCoLC)645276122</subfield>
</datafield>
<datafield tag="880" ind1="1" ind2=" ">
<subfield code="6">100-01/</subfield>
<subfield code="a">هيكل، محمد حسين،</subfield>
<subfield code="d">1888-1956.</subfield>
</datafield>
<datafield tag="880" ind1="1" ind2="0">
<subfield code="6">245-02/</subfield>
<subfield code="a">في منزل الوحي /</subfield>
<subfield code="c">بقلم محمد حسين هيكل.</subfield>
</datafield>
<datafield tag="880" ind1=" " ind2=" ">
<subfield code="6">260-03/</subfield>
<subfield code="a">القاهرة :</subfield>
<subfield code="b">مطبعة دار الكتب المصرية،</subfield>
<subfield code="c">1356 [1937]</subfield>
</datafield>
<datafield tag="OWN" ind1=" " ind2=" ">
<subfield code="a">GENERAL</subfield>
</datafield>
<datafield tag="AVA" ind1=" " ind2=" ">
<subfield code="a">NYU50</subfield>
<subfield code="b">BOBST</subfield>
<subfield code="c">Main Collection</subfield>
<subfield code="d">BP187.3 .H34 1937</subfield>
<subfield code="e">unavailable</subfield>
<subfield code="t">Unavailable</subfield>
<subfield code="f">1</subfield>
<subfield code="g">1</subfield>
<subfield code="h">N</subfield>
<subfield code="i">0</subfield>
<subfield code="j">MAIN</subfield>
<subfield code="k">0</subfield>
</datafield>
</record>
